@Article{Ivanisenko13,
  author = 	 {Иванисенко Н.В. and Мищенко Е.Л. and Акбердин И.Р. and Деменков П.С. and Лихошвай В.А. and Козлов К.Н and Тодоров Д. and Самсонова М.Г. and Самсонов А.М. and Колчанов Н.А. and Иванисенко В.А.},
  title = 	 {Репликация субгеномного репликона вируса гепатита С в присутствии ингибиторов NS3 протеазы: cтохастическая модель},
  journal = 	 {Математическая биология и биоинформатика},
  year = 	 {2013},
  volume =	 {принята в печать}
}

