@Article{CHIANG,
   Author="Chiang, H.D. and Hirsch, M. and Wu, F.",
   Title="{{S}tability regions of nonlinear autonomous dynamical systems}",
   Journal="IEEE Trans. Automat. Contr.",
   Year="1988",
   Volume="33",
   Number="1",
   Pages="16--27"
}

@Article{HAFS,
   Author="Hafstein, S.",
   Title="{{A} constructive converse Lyapunov theorem on asymptotic stability for nonlinear autonomous
ordinary differential equationstability regions of nonlinear autonomous dynamical systems}",
   Journal="Discr. and Cont. Dynam. Sys.",
   Year="2005",
   Volume="20",
   Number="3",
   Pages="1--10"
}

@Article{GIESL,
   Author="Giesl, P.",
   Title="{{C}onstruction of a local and global Lyapunov function using radial basis functions}",
   Journal="IMA Journal of Applied Mathematics",
   Year="2008",
   Volume="73",
   Number="5",
   Pages="782--802"
}

@inproceedings{BURCH,
   author    = {Burchardt, H. and Ratschan, S.},
   title     = {Estimating the Region of
    Attraction of Ordinary Differential Equations by Quantified Constraint Solving},
   booktitle = {Proceedings of the 3rd WSEAS International
Conference on DYNAMICAL SYSTEMS and CONTROL (CONTROL’07)},
   year      = {2007},
   publisher = {WSEAS Press},
   pages     = {241–-246}
}

@inproceedings{RYALI,
   author    = {Ryali, V. and Moudgalya, K.M.},
   title     = {Practical stability analysis of uncertain
nonlinear systems},
   booktitle = {Proceedings of the National Conference on Control and Dynamic Systems},
   year      = {2005},
   publisher = {IIT Bombay},
   pages     = {27–-29}
}

@Article{ASTRO,
   Author="Tancredia, U. and Grassib, M. and Corraroc, F. and Filipponec, E. and Verde, L.",
   Title="{{A} hybrid approach to robustness analysesof flight control laws in re-entry applications}",
   Journal="Acta Astronautica",
   Year="2010",
   Volume="66",
   Number="9--10",
   Pages="1388–-1398"
}

@Article{ZHIKUN,
   Author="She, Z. and Xue, B.",
   Title="{{C}omputing a Basin of Attraction to a Target Region by
Solving Bilinear Semi-Definite Problems}",
   Journal="COMPUTER ALGEBRA IN SCIENTIFIC COMPUTING Lecture
Notes in Computer Science",
   Year="2011",
   Volume="6885",
   Pages="333--344"
}

@Article{IKEDA,
   Author="Galias, Z.",
   Title="{{R}igorous investigation of the Ikeda map by means of interval arithmetic}",
   Journal="Nonlinearity",
   Year="2002",
   Volume="15",
   Pages="1759--1779"
}
